@article{Accou2021ModelingTR,
  title={Modeling the relationship between acoustic stimulus and EEG with a dilated convolutional neural network},
  author={Bernd Accou and Mohammad Jalilpour-Monesi and Jair Montoya-Mart{\'i}nez and Hugo Van hamme and Tom Francart},
  journal={2020 28th European Signal Processing Conference (EUSIPCO)},
  year={2021},
  pages={1175-1179},
  url={https://api.semanticscholar.org/CorpusID:229358565}
}

@inproceedings{vandenoord16_ssw,
  author={AÃ¤ron {van den Oord} and Sander Dieleman and Heiga Zen and Karen Simonyan and Oriol Vinyals and Alex Graves and Nal Kalchbrenner and Andrew Senior and Koray Kavukcuoglu},
  title={{WaveNet: A Generative Model for Raw Audio}},
  year=2016,
  booktitle={Proc. 9th ISCA Workshop on Speech Synthesis Workshop (SSW 9)},
  pages={125}
}

@misc{piao2023happyquokka,
      title={HappyQuokka System for ICASSP 2023 Auditory EEG Challenge}, 
      author={Zhenyu Piao and Miseul Kim and Hyungchan Yoon and Hong-Goo Kang},
      year={2023},
      eprint={2305.06806},
      archivePrefix={arXiv},
      primaryClass={cs.SD}
}

@misc{ren2019fastspeech,
      title={FastSpeech: Fast, Robust and Controllable Text to Speech}, 
      author={Yi Ren and Yangjun Ruan and Xu Tan and Tao Qin and Sheng Zhao and Zhou Zhao and Tie-Yan Liu},
      year={2019},
      eprint={1905.09263},
      archivePrefix={arXiv},
      primaryClass={cs.CL}
}

@misc{vlaai,
author = {Accou, Bernd and Vanthornhout, Jonas and Van hamme, Hugo and Francart, Tom},
year = {2022},
month = {09},
title = {Decoding of the speech envelope from EEG using the VLAAI deep neural network},
doi = {10.1101/2022.09.28.509945}
}

@misc{xiong2020layer,
      title={On Layer Normalization in the Transformer Architecture}, 
      author={Ruibin Xiong and Yunchang Yang and Di He and Kai Zheng and Shuxin Zheng and Chen Xing and Huishuai Zhang and Yanyan Lan and Liwei Wang and Tie-Yan Liu},
      year={2020},
      eprint={2002.04745},
      archivePrefix={arXiv},
      primaryClass={cs.LG}
}

@misc{vaswani2023attention,
      title={Attention Is All You Need}, 
      author={Ashish Vaswani and Noam Shazeer and Niki Parmar and Jakob Uszkoreit and Llion Jones and Aidan N. Gomez and Lukasz Kaiser and Illia Polosukhin},
      year={2023},
      eprint={1706.03762},
      archivePrefix={arXiv},
      primaryClass={cs.CL}
}

@misc{cho2014learning,
      title={Learning Phrase Representations using RNN Encoder-Decoder for Statistical Machine Translation}, 
      author={Kyunghyun Cho and Bart van Merrienboer and Caglar Gulcehre and Dzmitry Bahdanau and Fethi Bougares and Holger Schwenk and Yoshua Bengio},
      year={2014},
      eprint={1406.1078},
      archivePrefix={arXiv},
      primaryClass={cs.CL}
}

@misc{K3VSND_2023,
author = {Bollens, Lies and Accou, Bernd and Van hamme, Hugo and Francart, Tom},
publisher = {KU Leuven RDR},
title = {{SparrKULee: A Speech-evoked Auditory Response Repository of the KU Leuven, containing EEG of 85 participants}},
year = {2023},
version = {V3},
doi = {10.48804/K3VSND},
url = {https://doi.org/10.48804/K3VSND}
}